<?xml version="1.0" encoding="UTF-8"?><collection xmlns="http://www.loc.gov/MARC21/slim"><record><leader>00275nam--2200109-i-4500</leader><controlfield tag="001">000047321</controlfield><controlfield tag="002">20161230</controlfield><controlfield tag="005">20161230201046</controlfield><controlfield tag="008">060222s1000------------r-----000-0-eng-d</controlfield><datafield ind1=" " ind2=" " tag="245"><subfield code="a">Who`s who in science in europe</subfield></datafield><datafield ind1=" " ind2=" " tag="260"><subfield code="a">London, Francis Hodgson Ltd.,1967. 560 P</subfield></datafield><datafield ind1=" " ind2=" " tag="852"><subfield code="a">27325</subfield></datafield></record></collection>